%YAML 1.1
%TAG !u! tag:unity3d.com,2011:
--- !u!29 &1
OcclusionCullingSettings:
  m_ObjectHideFlags: 0
  serializedVersion: 2
  m_OcclusionBakeSettings:
    smallestOccluder: 5
    smallestHole: 0.25
    backfaceThreshold: 100
  m_SceneGUID: 00000000000000000000000000000000
  m_OcclusionCullingData: {fileID: 0}
--- !u!104 &2
RenderSettings:
  m_ObjectHideFlags: 0
  serializedVersion: 8
  m_Fog: 0
  m_FogColor: {r: 0.5, g: 0.5, b: 0.5, a: 1}
  m_FogMode: 3
  m_FogDensity: 0.01
  m_LinearFogStart: 0
  m_LinearFogEnd: 300
  m_AmbientSkyColor: {r: 1, g: 1, b: 1, a: 1}
  m_AmbientEquatorColor: {r: 0.114, g: 0.125, b: 0.133, a: 1}
  m_AmbientGroundColor: {r: 0.047, g: 0.043, b: 0.035, a: 1}
  m_AmbientIntensity: 1
  m_AmbientMode: 3
  m_SubtractiveShadowColor: {r: 0.42, g: 0.478, b: 0.627, a: 1}
  m_SkyboxMaterial: {fileID: 10304, guid: 0000000000000000f000000000000000, type: 0}
  m_HaloStrength: 0.5
  m_FlareStrength: 1
  m_FlareFadeSpeed: 3
  m_HaloTexture: {fileID: 0}
  m_SpotCookie: {fileID: 10001, guid: 0000000000000000e000000000000000, type: 0}
  m_DefaultReflectionMode: 0
  m_DefaultReflectionResolution: 128
  m_ReflectionBounces: 1
  m_ReflectionIntensity: 1
  m_CustomReflection: {fileID: 0}
  m_Sun: {fileID: 1955386489}
  m_IndirectSpecularColor: {r: 0.44657844, g: 0.49641222, b: 0.57481694, a: 1}
--- !u!157 &3
LightmapSettings:
  m_ObjectHideFlags: 0
  serializedVersion: 11
  m_GIWorkflowMode: 0
  m_GISettings:
    serializedVersion: 2
    m_BounceScale: 1
    m_IndirectOutputScale: 1
    m_AlbedoBoost: 1
    m_TemporalCoherenceThreshold: 1
    m_EnvironmentLightingMode: 0
    m_EnableBakedLightmaps: 1
    m_EnableRealtimeLightmaps: 1
  m_LightmapEditorSettings:
    serializedVersion: 9
    m_Resolution: 2
    m_BakeResolution: 40
    m_TextureWidth: 1024
    m_TextureHeight: 1024
    m_AO: 0
    m_AOMaxDistance: 1
    m_CompAOExponent: 1
    m_CompAOExponentDirect: 0
    m_Padding: 2
    m_LightmapParameters: {fileID: 0}
    m_LightmapsBakeMode: 1
    m_TextureCompression: 1
    m_FinalGather: 0
    m_FinalGatherFiltering: 1
    m_FinalGatherRayCount: 256
    m_ReflectionCompression: 2
    m_MixedBakeMode: 2
    m_BakeBackend: 0
    m_PVRSampling: 1
    m_PVRDirectSampleCount: 32
    m_PVRSampleCount: 500
    m_PVRBounces: 2
    m_PVRFiltering: 0
    m_PVRFilteringMode: 1
    m_PVRCulling: 1
    m_PVRFilteringGaussRadiusDirect: 1
    m_PVRFilteringGaussRadiusIndirect: 5
    m_PVRFilteringGaussRadiusAO: 2
    m_PVRFilteringAtrousColorSigma: 1
    m_PVRFilteringAtrousNormalSigma: 1
    m_PVRFilteringAtrousPositionSigma: 1
  m_LightingDataAsset: {fileID: 0}
  m_UseShadowmask: 1
--- !u!196 &4
NavMeshSettings:
  serializedVersion: 2
  m_ObjectHideFlags: 0
  m_BuildSettings:
    serializedVersion: 2
    agentTypeID: 0
    agentRadius: 0.5
    agentHeight: 2
    agentSlope: 45
    agentClimb: 0.4
    ledgeDropHeight: 0
    maxJumpAcrossDistance: 0
    minRegionArea: 2
    manualCellSize: 0
    cellSize: 0.16666667
    manualTileSize: 0
    tileSize: 256
    accuratePlacement: 0
  m_NavMeshData: {fileID: 0}
--- !u!1 &3273419
GameObject:
  m_ObjectHideFlags: 1
  m_PrefabParentObject: {fileID: 0}
  m_PrefabInternal: {fileID: 0}
  serializedVersion: 5
  m_Component:
  - component: {fileID: 3273421}
  - component: {fileID: 3273420}
  m_Layer: 0
  m_Name: explosjon3_0
  m_TagString: Untagged
  m_Icon: {fileID: 0}
  m_NavMeshLayer: 0
  m_StaticEditorFlags: 0
  m_IsActive: 1
--- !u!212 &3273420
SpriteRenderer:
  m_ObjectHideFlags: 1
  m_PrefabParentObject: {fileID: 0}
  m_PrefabInternal: {fileID: 0}
  m_GameObject: {fileID: 3273419}
  m_Enabled: 1
  m_CastShadows: 0
  m_ReceiveShadows: 0
  m_MotionVectors: 1
  m_LightProbeUsage: 1
  m_ReflectionProbeUsage: 1
  m_Materials:
  - {fileID: 10754, guid: 0000000000000000f000000000000000, type: 0}
  m_StaticBatchInfo:
    firstSubMesh: 0
    subMeshCount: 0
  m_StaticBatchRoot: {fileID: 0}
  m_ProbeAnchor: {fileID: 0}
  m_LightProbeVolumeOverride: {fileID: 0}
  m_ScaleInLightmap: 1
  m_PreserveUVs: 0
  m_IgnoreNormalsForChartDetection: 0
  m_ImportantGI: 0
  m_SelectedEditorRenderState: 0
  m_MinimumChartSize: 4
  m_AutoUVMaxDistance: 0.5
  m_AutoUVMaxAngle: 89
  m_LightmapParameters: {fileID: 0}
  m_SortingLayerID: 0
  m_SortingLayer: 0
  m_SortingOrder: 0
  m_Sprite: {fileID: 21300000, guid: 290b1c8c9b4dfbb409c43b02e0dccafa, type: 3}
  m_Color: {r: 1, g: 1, b: 1, a: 1}
  m_FlipX: 0
  m_FlipY: 0
  m_DrawMode: 0
  m_Size: {x: 1.28, y: 1.28}
  m_AdaptiveModeThreshold: 0.5
  m_SpriteTileMode: 0
  m_WasSpriteAssigned: 0
  m_MaskInteraction: 0
--- !u!4 &3273421
Transform:
  m_ObjectHideFlags: 1
  m_PrefabParentObject: {fileID: 0}
  m_PrefabInternal: {fileID: 0}
  m_GameObject: {fileID: 3273419}
  m_LocalRotation: {x: 0, y: 0, z: 0, w: 1}
  m_LocalPosition: {x: -8.790771, y: 0.6002061, z: 6.709096}
  m_LocalScale: {x: 1, y: 1, z: 1}
  m_Children: []
  m_Father: {fileID: 0}
  m_RootOrder: 5
  m_LocalEulerAnglesHint: {x: 0, y: 0, z: 0}
--- !u!1 &71201991
GameObject:
  m_ObjectHideFlags: 0
  m_PrefabParentObject: {fileID: 0}
  m_PrefabInternal: {fileID: 0}
  serializedVersion: 5
  m_Component:
  - component: {fileID: 71201992}
  - component: {fileID: 71201996}
  - component: {fileID: 71201993}
  - component: {fileID: 71201998}
  m_Layer: 0
  m_Name: Speech
  m_TagString: Untagged
  m_Icon: {fileID: 0}
  m_NavMeshLayer: 0
  m_StaticEditorFlags: 0
  m_IsActive: 1
--- !u!4 &71201992
Transform:
  m_ObjectHideFlags: 0
  m_PrefabParentObject: {fileID: 0}
  m_PrefabInternal: {fileID: 0}
  m_GameObject: {fileID: 71201991}
  m_LocalRotation: {x: -0, y: -0, z: -0, w: 1}
  m_LocalPosition: {x: 0.06113386, y: -0.006430611, z: 1.0062746}
  m_LocalScale: {x: 1, y: 1, z: 1}
  m_Children: []
  m_Father: {fileID: 0}
  m_RootOrder: 3
  m_LocalEulerAnglesHint: {x: 0, y: 0, z: 0}
--- !u!114 &71201993
MonoBehaviour:
  m_ObjectHideFlags: 0
  m_PrefabParentObject: {fileID: 0}
  m_PrefabInternal: {fileID: 0}
  m_GameObject: {fileID: 71201991}
  m_Enabled: 1
  m_EditorHideFlags: 0
  m_Script: {fileID: 11500000, guid: 1b104a7fb378b4542984f29bdfe8bbd7, type: 3}
  m_Name: 
  m_EditorClassIdentifier: 
  ObjectsToCycleThroughFront:
  - my_object: {fileID: 938688215}
    active_at_start: 1
  - my_object: {fileID: 673408770}
    active_at_start: 0
  ObjectsToCycleThroughBack:
  - my_object: {fileID: 1827551868}
    active_at_start: 1
  - my_object: {fileID: 2116123732}
    active_at_start: 0
  - my_object: {fileID: 940436138}
    active_at_start: 0
--- !u!114 &71201996
MonoBehaviour:
  m_ObjectHideFlags: 0
  m_PrefabParentObject: {fileID: 0}
  m_PrefabInternal: {fileID: 0}
  m_GameObject: {fileID: 71201991}
  m_Enabled: 1
  m_EditorHideFlags: 0
  m_Script: {fileID: 11500000, guid: 3f2795b3e072e1745a4f8c670d64284f, type: 3}
  m_Name: 
  m_EditorClassIdentifier: 
  RecognizerStart: 0
  KeywordsAndResponses:
  - Keyword: Next Front
    KeyCode: 45
    Response:
      m_PersistentCalls:
        m_Calls:
        - m_Target: {fileID: 71201993}
          m_MethodName: goToNextFrontAttachment
          m_Mode: 1
          m_Arguments:
            m_ObjectArgument: {fileID: 0}
            m_ObjectArgumentAssemblyTypeName: UnityEngine.Object, UnityEngine
            m_IntArgument: 0
            m_FloatArgument: 0
            m_StringArgument: 
            m_BoolArgument: 0
          m_CallState: 1
      m_TypeName: UnityEngine.Events.UnityEvent, UnityEngine, Version=0.0.0.0, Culture=neutral,
        PublicKeyToken=null
  - Keyword: Next Back
    KeyCode: 46
    Response:
      m_PersistentCalls:
        m_Calls:
        - m_Target: {fileID: 71201993}
          m_MethodName: goToNextBackAttachment
          m_Mode: 1
          m_Arguments:
            m_ObjectArgument: {fileID: 0}
            m_ObjectArgumentAssemblyTypeName: UnityEngine.Object, UnityEngine
            m_IntArgument: 0
            m_FloatArgument: 0
            m_StringArgument: 
            m_BoolArgument: 0
          m_CallState: 1
      m_TypeName: UnityEngine.Events.UnityEvent, UnityEngine, Version=0.0.0.0, Culture=neutral,
        PublicKeyToken=null
  - Keyword: Help
    KeyCode: 9
    Response:
      m_PersistentCalls:
        m_Calls:
        - m_Target: {fileID: 71201998}
          m_MethodName: ToggleHelpScreen
          m_Mode: 1
          m_Arguments:
            m_ObjectArgument: {fileID: 0}
            m_ObjectArgumentAssemblyTypeName: UnityEngine.Object, UnityEngine
            m_IntArgument: 0
            m_FloatArgument: 0
            m_StringArgument: 
            m_BoolArgument: 0
          m_CallState: 1
      m_TypeName: UnityEngine.Events.UnityEvent, UnityEngine, Version=0.0.0.0, Culture=neutral,
        PublicKeyToken=null
--- !u!114 &71201998
MonoBehaviour:
  m_ObjectHideFlags: 0
  m_PrefabParentObject: {fileID: 0}
  m_PrefabInternal: {fileID: 0}
  m_GameObject: {fileID: 71201991}
  m_Enabled: 1
  m_EditorHideFlags: 0
  m_Script: {fileID: 11500000, guid: 2e7b8a3456b412141b4c4213c4a3bbac, type: 3}
  m_Name: 
  m_EditorClassIdentifier: 
  InfoScreen: {fileID: 1257563743}
  fade: {fileID: 1257563747}
--- !u!1001 &113487759
Prefab:
  m_ObjectHideFlags: 0
  serializedVersion: 2
  m_Modification:
    m_TransformParent: {fileID: 0}
    m_Modifications:
    - target: {fileID: 4000012520274942, guid: c828c5b9571ec9c4bb75aef2ba6bc8c5, type: 2}
      propertyPath: m_LocalPosition.x
      value: 0
      objectReference: {fileID: 0}
    - target: {fileID: 4000012520274942, guid: c828c5b9571ec9c4bb75aef2ba6bc8c5, type: 2}
      propertyPath: m_LocalPosition.y
      value: 0
      objectReference: {fileID: 0}
    - target: {fileID: 4000012520274942, guid: c828c5b9571ec9c4bb75aef2ba6bc8c5, type: 2}
      propertyPath: m_LocalPosition.z
      value: 5
      objectReference: {fileID: 0}
    - target: {fileID: 4000012520274942, guid: c828c5b9571ec9c4bb75aef2ba6bc8c5, type: 2}
      propertyPath: m_LocalRotation.x
      value: -0
      objectReference: {fileID: 0}
    - target: {fileID: 4000012520274942, guid: c828c5b9571ec9c4bb75aef2ba6bc8c5, type: 2}
      propertyPath: m_LocalRotation.y
      value: -0
      objectReference: {fileID: 0}
    - target: {fileID: 4000012520274942, guid: c828c5b9571ec9c4bb75aef2ba6bc8c5, type: 2}
      propertyPath: m_LocalRotation.z
      value: -0
      objectReference: {fileID: 0}
    - target: {fileID: 4000012520274942, guid: c828c5b9571ec9c4bb75aef2ba6bc8c5, type: 2}
      propertyPath: m_LocalRotation.w
      value: 1
      objectReference: {fileID: 0}
    - target: {fileID: 4000012520274942, guid: c828c5b9571ec9c4bb75aef2ba6bc8c5, type: 2}
      propertyPath: m_RootOrder
      value: 1
      objectReference: {fileID: 0}
    - target: {fileID: 1000011443254168, guid: c828c5b9571ec9c4bb75aef2ba6bc8c5, type: 2}
      propertyPath: m_IsActive
      value: 0
      objectReference: {fileID: 0}
    m_RemovedComponents: []
  m_ParentPrefab: {fileID: 100100000, guid: c828c5b9571ec9c4bb75aef2ba6bc8c5, type: 2}
  m_IsPrefabParent: 0
--- !u!1001 &538956411
Prefab:
  m_ObjectHideFlags: 0
  serializedVersion: 2
  m_Modification:
    m_TransformParent: {fileID: 0}
    m_Modifications:
    - target: {fileID: 4726619138419924, guid: 3417828bf6cdb6141b0b26c80c487fb1, type: 2}
      propertyPath: m_LocalPosition.x
      value: 0
      objectReference: {fileID: 0}
    - target: {fileID: 4726619138419924, guid: 3417828bf6cdb6141b0b26c80c487fb1, type: 2}
      propertyPath: m_LocalPosition.y
      value: 0
      objectReference: {fileID: 0}
    - target: {fileID: 4726619138419924, guid: 3417828bf6cdb6141b0b26c80c487fb1, type: 2}
      propertyPath: m_LocalPosition.z
      value: 3
      objectReference: {fileID: 0}
    - target: {fileID: 4726619138419924, guid: 3417828bf6cdb6141b0b26c80c487fb1, type: 2}
      propertyPath: m_LocalRotation.x
      value: -0
      objectReference: {fileID: 0}
    - target: {fileID: 4726619138419924, guid: 3417828bf6cdb6141b0b26c80c487fb1, type: 2}
      propertyPath: m_LocalRotation.y
      value: -0
      objectReference: {fileID: 0}
    - target: {fileID: 4726619138419924, guid: 3417828bf6cdb6141b0b26c80c487fb1, type: 2}
      propertyPath: m_LocalRotation.z
      value: -0
      objectReference: {fileID: 0}
    - target: {fileID: 4726619138419924, guid: 3417828bf6cdb6141b0b26c80c487fb1, type: 2}
      propertyPath: m_LocalRotation.w
      value: 1
      objectReference: {fileID: 0}
    - target: {fileID: 4726619138419924, guid: 3417828bf6cdb6141b0b26c80c487fb1, type: 2}
      propertyPath: m_RootOrder
      value: 7
      objectReference: {fileID: 0}
    - target: {fileID: 1523287851920698, guid: 3417828bf6cdb6141b0b26c80c487fb1, type: 2}
      propertyPath: m_IsActive
      value: 1
      objectReference: {fileID: 0}
    m_RemovedComponents: []
  m_ParentPrefab: {fileID: 100100000, guid: 3417828bf6cdb6141b0b26c80c487fb1, type: 2}
  m_IsPrefabParent: 0
--- !u!1 &550821957
GameObject:
  m_ObjectHideFlags: 0
  m_PrefabParentObject: {fileID: 0}
  m_PrefabInternal: {fileID: 0}
  serializedVersion: 5
  m_Component:
  - component: {fileID: 550821958}
  m_Layer: 0
  m_Name: Spatial
  m_TagString: Untagged
  m_Icon: {fileID: 0}
  m_NavMeshLayer: 0
  m_StaticEditorFlags: 0
  m_IsActive: 1
--- !u!4 &550821958
Transform:
  m_ObjectHideFlags: 0
  m_PrefabParentObject: {fileID: 0}
  m_PrefabInternal: {fileID: 0}
  m_GameObject: {fileID: 550821957}
  m_LocalRotation: {x: 0, y: 0, z: 0, w: 1}
  m_LocalPosition: {x: 0, y: 0, z: 0}
  m_LocalScale: {x: 1, y: 1, z: 1}
  m_Children:
  - {fileID: 654179488}
  m_Father: {fileID: 0}
  m_RootOrder: 2
  m_LocalEulerAnglesHint: {x: 0, y: 0, z: 0}
--- !u!1001 &653201669
Prefab:
  m_ObjectHideFlags: 0
  serializedVersion: 2
  m_Modification:
    m_TransformParent: {fileID: 0}
    m_Modifications:
    - target: {fileID: 4000011656901714, guid: 3eddd1c29199313478dd3f912bfab2ab, type: 2}
      propertyPath: m_LocalPosition.x
      value: 0
      objectReference: {fileID: 0}
    - target: {fileID: 4000011656901714, guid: 3eddd1c29199313478dd3f912bfab2ab, type: 2}
      propertyPath: m_LocalPosition.y
      value: 0
      objectReference: {fileID: 0}
    - target: {fileID: 4000011656901714, guid: 3eddd1c29199313478dd3f912bfab2ab, type: 2}
      propertyPath: m_LocalPosition.z
      value: 0
      objectReference: {fileID: 0}
    - target: {fileID: 4000011656901714, guid: 3eddd1c29199313478dd3f912bfab2ab, type: 2}
      propertyPath: m_LocalRotation.x
      value: 0
      objectReference: {fileID: 0}
    - target: {fileID: 4000011656901714, guid: 3eddd1c29199313478dd3f912bfab2ab, type: 2}
      propertyPath: m_LocalRotation.y
      value: 0
      objectReference: {fileID: 0}
    - target: {fileID: 4000011656901714, guid: 3eddd1c29199313478dd3f912bfab2ab, type: 2}
      propertyPath: m_LocalRotation.z
      value: 0
      objectReference: {fileID: 0}
    - target: {fileID: 4000011656901714, guid: 3eddd1c29199313478dd3f912bfab2ab, type: 2}
      propertyPath: m_LocalRotation.w
      value: 1
      objectReference: {fileID: 0}
    - target: {fileID: 4000011656901714, guid: 3eddd1c29199313478dd3f912bfab2ab, type: 2}
      propertyPath: m_RootOrder
      value: 9
      objectReference: {fileID: 0}
    m_RemovedComponents: []
  m_ParentPrefab: {fileID: 100100000, guid: 3eddd1c29199313478dd3f912bfab2ab, type: 2}
  m_IsPrefabParent: 0
--- !u!114 &653201670 stripped
MonoBehaviour:
  m_PrefabParentObject: {fileID: 114000012009196210, guid: 3eddd1c29199313478dd3f912bfab2ab,
    type: 2}
  m_PrefabInternal: {fileID: 653201669}
  m_Script: {fileID: 11500000, guid: 4d1a2a33ffcac354298137001635a001, type: 3}
--- !u!1001 &654179487
Prefab:
  m_ObjectHideFlags: 0
  serializedVersion: 2
  m_Modification:
    m_TransformParent: {fileID: 550821958}
    m_Modifications:
    - target: {fileID: 4000013298573622, guid: 2ed75ffdf9031c94e8bce4b3d17b9928, type: 2}
      propertyPath: m_LocalPosition.x
      value: 9.368318
      objectReference: {fileID: 0}
    - target: {fileID: 4000013298573622, guid: 2ed75ffdf9031c94e8bce4b3d17b9928, type: 2}
      propertyPath: m_LocalPosition.y
      value: -0.069303215
      objectReference: {fileID: 0}
    - target: {fileID: 4000013298573622, guid: 2ed75ffdf9031c94e8bce4b3d17b9928, type: 2}
      propertyPath: m_LocalPosition.z
      value: -7.210398
      objectReference: {fileID: 0}
    - target: {fileID: 4000013298573622, guid: 2ed75ffdf9031c94e8bce4b3d17b9928, type: 2}
      propertyPath: m_LocalRotation.x
      value: -0
      objectReference: {fileID: 0}
    - target: {fileID: 4000013298573622, guid: 2ed75ffdf9031c94e8bce4b3d17b9928, type: 2}
      propertyPath: m_LocalRotation.y
      value: -0
      objectReference: {fileID: 0}
    - target: {fileID: 4000013298573622, guid: 2ed75ffdf9031c94e8bce4b3d17b9928, type: 2}
      propertyPath: m_LocalRotation.z
      value: -0
      objectReference: {fileID: 0}
    - target: {fileID: 4000013298573622, guid: 2ed75ffdf9031c94e8bce4b3d17b9928, type: 2}
      propertyPath: m_LocalRotation.w
      value: 1
      objectReference: {fileID: 0}
    - target: {fileID: 4000013298573622, guid: 2ed75ffdf9031c94e8bce4b3d17b9928, type: 2}
      propertyPath: m_RootOrder
      value: 0
      objectReference: {fileID: 0}
    - target: {fileID: 1000010302963436, guid: 2ed75ffdf9031c94e8bce4b3d17b9928, type: 2}
      propertyPath: m_IsActive
      value: 1
      objectReference: {fileID: 0}
    - target: {fileID: 114000011154029958, guid: 2ed75ffdf9031c94e8bce4b3d17b9928,
        type: 2}
      propertyPath: drawVisualMeshes
      value: 0
      objectReference: {fileID: 0}
    - target: {fileID: 114000012149591842, guid: 2ed75ffdf9031c94e8bce4b3d17b9928,
        type: 2}
      propertyPath: RoomModel
      value: 
      objectReference: {fileID: 100002, guid: 5424d16a5239f5842846ccff897bf13a, type: 3}
    m_RemovedComponents: []
  m_ParentPrefab: {fileID: 100100000, guid: 2ed75ffdf9031c94e8bce4b3d17b9928, type: 2}
  m_IsPrefabParent: 0
--- !u!4 &654179488 stripped
Transform:
  m_PrefabParentObject: {fileID: 4000013298573622, guid: 2ed75ffdf9031c94e8bce4b3d17b9928,
    type: 2}
  m_PrefabInternal: {fileID: 654179487}
--- !u!1 &673408770 stripped
GameObject:
  m_PrefabParentObject: {fileID: 1402713224114176, guid: 3417828bf6cdb6141b0b26c80c487fb1,
    type: 2}
  m_PrefabInternal: {fileID: 538956411}
--- !u!1 &938688215 stripped
GameObject:
  m_PrefabParentObject: {fileID: 1354363014094232, guid: 3417828bf6cdb6141b0b26c80c487fb1,
    type: 2}
  m_PrefabInternal: {fileID: 538956411}
--- !u!1 &940436138 stripped
GameObject:
  m_PrefabParentObject: {fileID: 1171021598944664, guid: 3417828bf6cdb6141b0b26c80c487fb1,
    type: 2}
  m_PrefabInternal: {fileID: 538956411}
--- !u!1001 &977258441
Prefab:
  m_ObjectHideFlags: 0
  serializedVersion: 2
  m_Modification:
    m_TransformParent: {fileID: 0}
    m_Modifications:
    - target: {fileID: 4000010560871102, guid: d379ed0a5618c9f479f58bd83a2d0ad3, type: 2}
      propertyPath: m_LocalPosition.x
      value: 0
      objectReference: {fileID: 0}
    - target: {fileID: 4000010560871102, guid: d379ed0a5618c9f479f58bd83a2d0ad3, type: 2}
      propertyPath: m_LocalPosition.y
      value: 0
      objectReference: {fileID: 0}
    - target: {fileID: 4000010560871102, guid: d379ed0a5618c9f479f58bd83a2d0ad3, type: 2}
      propertyPath: m_LocalPosition.z
      value: 0
      objectReference: {fileID: 0}
    - target: {fileID: 4000010560871102, guid: d379ed0a5618c9f479f58bd83a2d0ad3, type: 2}
      propertyPath: m_LocalRotation.x
      value: 0
      objectReference: {fileID: 0}
    - target: {fileID: 4000010560871102, guid: d379ed0a5618c9f479f58bd83a2d0ad3, type: 2}
      propertyPath: m_LocalRotation.y
      value: 0
      objectReference: {fileID: 0}
    - target: {fileID: 4000010560871102, guid: d379ed0a5618c9f479f58bd83a2d0ad3, type: 2}
      propertyPath: m_LocalRotation.z
      value: 0
      objectReference: {fileID: 0}
    - target: {fileID: 4000010560871102, guid: d379ed0a5618c9f479f58bd83a2d0ad3, type: 2}
      propertyPath: m_LocalRotation.w
      value: 1
      objectReference: {fileID: 0}
    - target: {fileID: 4000010560871102, guid: d379ed0a5618c9f479f58bd83a2d0ad3, type: 2}
      propertyPath: m_RootOrder
      value: 10
      objectReference: {fileID: 0}
    - target: {fileID: 20000013304850028, guid: d379ed0a5618c9f479f58bd83a2d0ad3,
        type: 2}
      propertyPath: near clip plane
      value: 0.25
      objectReference: {fileID: 0}
    m_RemovedComponents: []
  m_ParentPrefab: {fileID: 100100000, guid: d379ed0a5618c9f479f58bd83a2d0ad3, type: 2}
  m_IsPrefabParent: 0
--- !u!1001 &992475034
Prefab:
  m_ObjectHideFlags: 0
  serializedVersion: 2
  m_Modification:
    m_TransformParent: {fileID: 0}
    m_Modifications:
    - target: {fileID: 4000013243965410, guid: 90749889d87976143a9e21072d2434b4, type: 2}
      propertyPath: m_LocalPosition.x
      value: 0
      objectReference: {fileID: 0}
    - target: {fileID: 4000013243965410, guid: 90749889d87976143a9e21072d2434b4, type: 2}
      propertyPath: m_LocalPosition.y
      value: 0
      objectReference: {fileID: 0}
    - target: {fileID: 4000013243965410, guid: 90749889d87976143a9e21072d2434b4, type: 2}
      propertyPath: m_LocalPosition.z
      value: 0
      objectReference: {fileID: 0}
    - target: {fileID: 4000013243965410, guid: 90749889d87976143a9e21072d2434b4, type: 2}
      propertyPath: m_LocalRotation.x
      value: 0
      objectReference: {fileID: 0}
    - target: {fileID: 4000013243965410, guid: 90749889d87976143a9e21072d2434b4, type: 2}
      propertyPath: m_LocalRotation.y
      value: 0
      objectReference: {fileID: 0}
    - target: {fileID: 4000013243965410, guid: 90749889d87976143a9e21072d2434b4, type: 2}
      propertyPath: m_LocalRotation.z
      value: 0
      objectReference: {fileID: 0}
    - target: {fileID: 4000013243965410, guid: 90749889d87976143a9e21072d2434b4, type: 2}
      propertyPath: m_LocalRotation.w
      value: 1
      objectReference: {fileID: 0}
    - target: {fileID: 4000013243965410, guid: 90749889d87976143a9e21072d2434b4, type: 2}
      propertyPath: m_RootOrder
      value: 11
      objectReference: {fileID: 0}
    m_RemovedComponents: []
  m_ParentPrefab: {fileID: 100100000, guid: 90749889d87976143a9e21072d2434b4, type: 2}
  m_IsPrefabParent: 0
--- !u!1 &1161198357
GameObject:
  m_ObjectHideFlags: 1
  m_PrefabParentObject: {fileID: 0}
  m_PrefabInternal: {fileID: 0}
  serializedVersion: 5
  m_Component:
  - component: {fileID: 1161198359}
  - component: {fileID: 1161198358}
  m_Layer: 0
  m_Name: explosjon3_0
  m_TagString: Untagged
  m_Icon: {fileID: 0}
  m_NavMeshLayer: 0
  m_StaticEditorFlags: 0
  m_IsActive: 1
--- !u!212 &1161198358
SpriteRenderer:
  m_ObjectHideFlags: 1
  m_PrefabParentObject: {fileID: 0}
  m_PrefabInternal: {fileID: 0}
  m_GameObject: {fileID: 1161198357}
  m_Enabled: 1
  m_CastShadows: 0
  m_ReceiveShadows: 0
  m_MotionVectors: 1
  m_LightProbeUsage: 1
  m_ReflectionProbeUsage: 1
  m_Materials:
  - {fileID: 10754, guid: 0000000000000000f000000000000000, type: 0}
  m_StaticBatchInfo:
    firstSubMesh: 0
    subMeshCount: 0
  m_StaticBatchRoot: {fileID: 0}
  m_ProbeAnchor: {fileID: 0}
  m_LightProbeVolumeOverride: {fileID: 0}
  m_ScaleInLightmap: 1
  m_PreserveUVs: 0
  m_IgnoreNormalsForChartDetection: 0
  m_ImportantGI: 0
  m_SelectedEditorRenderState: 0
  m_MinimumChartSize: 4
  m_AutoUVMaxDistance: 0.5
  m_AutoUVMaxAngle: 89
  m_LightmapParameters: {fileID: 0}
  m_SortingLayerID: 0
  m_SortingLayer: 0
  m_SortingOrder: 0
  m_Sprite: {fileID: 21300000, guid: 290b1c8c9b4dfbb409c43b02e0dccafa, type: 3}
  m_Color: {r: 1, g: 1, b: 1, a: 1}
  m_FlipX: 0
  m_FlipY: 0
  m_DrawMode: 0
  m_Size: {x: 1.28, y: 1.28}
  m_AdaptiveModeThreshold: 0.5
  m_SpriteTileMode: 0
  m_WasSpriteAssigned: 0
  m_MaskInteraction: 0
--- !u!4 &1161198359
Transform:
  m_ObjectHideFlags: 1
  m_PrefabParentObject: {fileID: 0}
  m_PrefabInternal: {fileID: 0}
  m_GameObject: {fileID: 1161198357}
  m_LocalRotation: {x: 0, y: 0, z: 0, w: 1}
  m_LocalPosition: {x: -10.915375, y: -2.9747314, z: 13.082563}
  m_LocalScale: {x: 1, y: 1, z: 1}
  m_Children: []
  m_Father: {fileID: 0}
  m_RootOrder: 4
  m_LocalEulerAnglesHint: {x: 0, y: 0, z: 0}
--- !u!1001 &1257563742
Prefab:
  m_ObjectHideFlags: 0
  serializedVersion: 2
  m_Modification:
    m_TransformParent: {fileID: 0}
    m_Modifications:
    - target: {fileID: 4372937215189576, guid: 9f1c339ecebc37c4d97abfe3f8d271c2, type: 2}
      propertyPath: m_LocalPosition.x
      value: 0
      objectReference: {fileID: 0}
    - target: {fileID: 4372937215189576, guid: 9f1c339ecebc37c4d97abfe3f8d271c2, type: 2}
      propertyPath: m_LocalPosition.y
      value: 0
      objectReference: {fileID: 0}
    - target: {fileID: 4372937215189576, guid: 9f1c339ecebc37c4d97abfe3f8d271c2, type: 2}
      propertyPath: m_LocalPosition.z
      value: 1.771
      objectReference: {fileID: 0}
    - target: {fileID: 4372937215189576, guid: 9f1c339ecebc37c4d97abfe3f8d271c2, type: 2}
      propertyPath: m_LocalRotation.x
      value: 0
      objectReference: {fileID: 0}
    - target: {fileID: 4372937215189576, guid: 9f1c339ecebc37c4d97abfe3f8d271c2, type: 2}
      propertyPath: m_LocalRotation.y
      value: 0
      objectReference: {fileID: 0}
    - target: {fileID: 4372937215189576, guid: 9f1c339ecebc37c4d97abfe3f8d271c2, type: 2}
      propertyPath: m_LocalRotation.z
      value: 0
      objectReference: {fileID: 0}
    - target: {fileID: 4372937215189576, guid: 9f1c339ecebc37c4d97abfe3f8d271c2, type: 2}
      propertyPath: m_LocalRotation.w
      value: 1
      objectReference: {fileID: 0}
    - target: {fileID: 4372937215189576, guid: 9f1c339ecebc37c4d97abfe3f8d271c2, type: 2}
      propertyPath: m_RootOrder
      value: 8
      objectReference: {fileID: 0}
    - target: {fileID: 23002079285280262, guid: 9f1c339ecebc37c4d97abfe3f8d271c2,
        type: 2}
      propertyPath: m_Materials.Array.data[0]
      value: 
      objectReference: {fileID: 2100000, guid: c3daa9ae0f6c7fe47b3fb7ac7a4d2007, type: 2}
    - target: {fileID: 4855159724293744, guid: 9f1c339ecebc37c4d97abfe3f8d271c2, type: 2}
      propertyPath: m_LocalPosition.z
      value: -0.02
      objectReference: {fileID: 0}
    - target: {fileID: 4372937215189576, guid: 9f1c339ecebc37c4d97abfe3f8d271c2, type: 2}
      propertyPath: m_LocalScale.x
      value: 1
      objectReference: {fileID: 0}
    - target: {fileID: 4855159724293744, guid: 9f1c339ecebc37c4d97abfe3f8d271c2, type: 2}
      propertyPath: m_LocalScale.x
      value: 0.005
      objectReference: {fileID: 0}
    - target: {fileID: 114105365514997852, guid: 9f1c339ecebc37c4d97abfe3f8d271c2,
        type: 2}
      propertyPath: Stabilizer
      value: 
      objectReference: {fileID: 0}
    - target: {fileID: 114105365514997852, guid: 9f1c339ecebc37c4d97abfe3f8d271c2,
        type: 2}
      propertyPath: DistanceTrigger
      value: 0.3
      objectReference: {fileID: 0}
    - target: {fileID: 4404652811899152, guid: 9f1c339ecebc37c4d97abfe3f8d271c2, type: 2}
      propertyPath: m_LocalScale.x
      value: 0.08
      objectReference: {fileID: 0}
    - target: {fileID: 102555628603326916, guid: 9f1c339ecebc37c4d97abfe3f8d271c2,
        type: 2}
      propertyPath: m_Text
      value: '                                         Help



        In the Unity editor, press - to change front attachment


        Press . to change back attachment


        Press Tab to open and close the help menu'
      objectReference: {fileID: 0}
    - target: {fileID: 102555628603326916, guid: 9f1c339ecebc37c4d97abfe3f8d271c2,
        type: 2}
      propertyPath: m_Alignment
      value: 0
      objectReference: {fileID: 0}
    - target: {fileID: 1859193087181216, guid: 9f1c339ecebc37c4d97abfe3f8d271c2, type: 2}
      propertyPath: m_IsActive
      value: 0
      objectReference: {fileID: 0}
    m_RemovedComponents: []
  m_ParentPrefab: {fileID: 100100000, guid: 9f1c339ecebc37c4d97abfe3f8d271c2, type: 2}
  m_IsPrefabParent: 0
--- !u!1 &1257563743 stripped
GameObject:
  m_PrefabParentObject: {fileID: 1859193087181216, guid: 9f1c339ecebc37c4d97abfe3f8d271c2,
    type: 2}
  m_PrefabInternal: {fileID: 1257563742}
--- !u!114 &1257563744
MonoBehaviour:
  m_ObjectHideFlags: 0
  m_PrefabParentObject: {fileID: 0}
  m_PrefabInternal: {fileID: 0}
  m_GameObject: {fileID: 1257563743}
  m_Enabled: 1
  m_EditorHideFlags: 0
  m_Script: {fileID: 11500000, guid: ac8d5b128a1d8204fb76c86f47b75912, type: 3}
  m_Name: 
  m_EditorClassIdentifier: 
  PivotAxis: 1
  TargetTransform: {fileID: 0}
--- !u!114 &1257563747
MonoBehaviour:
  m_ObjectHideFlags: 0
  m_PrefabParentObject: {fileID: 0}
  m_PrefabInternal: {fileID: 0}
  m_GameObject: {fileID: 1257563743}
  m_Enabled: 1
  m_EditorHideFlags: 0
  m_Script: {fileID: 11500000, guid: e5a59ba02956c2f41ade5087b277fc25, type: 3}
  m_Name: 
  m_EditorClassIdentifier: 
  fadeDelay: 0
  fadeTime: 1
  fadeInOnStart: 1
  fadeOutOnStart: 0
--- !u!1 &1538663713
GameObject:
  m_ObjectHideFlags: 1
  m_PrefabParentObject: {fileID: 0}
  m_PrefabInternal: {fileID: 0}
  serializedVersion: 5
  m_Component:
  - component: {fileID: 1538663715}
  - component: {fileID: 1538663714}
  m_Layer: 0
  m_Name: explosjon3_0 (1)
  m_TagString: Untagged
  m_Icon: {fileID: 0}
  m_NavMeshLayer: 0
  m_StaticEditorFlags: 0
  m_IsActive: 1
--- !u!212 &1538663714
SpriteRenderer:
  m_ObjectHideFlags: 1
  m_PrefabParentObject: {fileID: 0}
  m_PrefabInternal: {fileID: 0}
  m_GameObject: {fileID: 1538663713}
  m_Enabled: 1
  m_CastShadows: 0
  m_ReceiveShadows: 0
  m_MotionVectors: 1
  m_LightProbeUsage: 1
  m_ReflectionProbeUsage: 1
  m_Materials:
  - {fileID: 10754, guid: 0000000000000000f000000000000000, type: 0}
  m_StaticBatchInfo:
    firstSubMesh: 0
    subMeshCount: 0
  m_StaticBatchRoot: {fileID: 0}
  m_ProbeAnchor: {fileID: 0}
  m_LightProbeVolumeOverride: {fileID: 0}
  m_ScaleInLightmap: 1
  m_PreserveUVs: 0
  m_IgnoreNormalsForChartDetection: 0
  m_ImportantGI: 0
  m_SelectedEditorRenderState: 0
  m_MinimumChartSize: 4
  m_AutoUVMaxDistance: 0.5
  m_AutoUVMaxAngle: 89
  m_LightmapParameters: {fileID: 0}
  m_SortingLayerID: 0
  m_SortingLayer: 0
  m_SortingOrder: 0
  m_Sprite: {fileID: 21300000, guid: 290b1c8c9b4dfbb409c43b02e0dccafa, type: 3}
  m_Color: {r: 1, g: 1, b: 1, a: 1}
  m_FlipX: 0
  m_FlipY: 0
  m_DrawMode: 0
  m_Size: {x: 1.28, y: 1.28}
  m_AdaptiveModeThreshold: 0.5
  m_SpriteTileMode: 0
  m_WasSpriteAssigned: 0
  m_MaskInteraction: 0
--- !u!4 &1538663715
Transform:
  m_ObjectHideFlags: 1
  m_PrefabParentObject: {fileID: 0}
  m_PrefabInternal: {fileID: 0}
  m_GameObject: {fileID: 1538663713}
  m_LocalRotation: {x: 0, y: 0, z: 0, w: 1}
  m_LocalPosition: {x: -10.197735, y: -4.024993, z: 12.706533}
  m_LocalScale: {x: 1, y: 1, z: 1}
  m_Children: []
  m_Father: {fileID: 0}
  m_RootOrder: 6
  m_LocalEulerAnglesHint: {x: 0, y: 0, z: 0}
--- !u!1 &1827551868 stripped
GameObject:
  m_PrefabParentObject: {fileID: 1574448722066624, guid: 3417828bf6cdb6141b0b26c80c487fb1,
    type: 2}
  m_PrefabInternal: {fileID: 538956411}
--- !u!1 &1906191830 stripped
GameObject:
  m_PrefabParentObject: {fileID: 1523287851920698, guid: 3417828bf6cdb6141b0b26c80c487fb1,
    type: 2}
  m_PrefabInternal: {fileID: 538956411}
--- !u!114 &1906191831
MonoBehaviour:
  m_ObjectHideFlags: 0
  m_PrefabParentObject: {fileID: 0}
  m_PrefabInternal: {fileID: 0}
  m_GameObject: {fileID: 1906191830}
  m_Enabled: 1
  m_EditorHideFlags: 0
  m_Script: {fileID: 11500000, guid: 784f41d3ff541bd4ba2d1a3e7a49a45c, type: 3}
  m_Name: 
  m_EditorClassIdentifier: 
  hologram: {fileID: 1906191830}
  screen: {fileID: 1257563743}
  fade: {fileID: 1257563747}
  gazeManager: {fileID: 653201670}
--- !u!114 &1906191832
MonoBehaviour:
  m_ObjectHideFlags: 0
  m_PrefabParentObject: {fileID: 0}
  m_PrefabInternal: {fileID: 0}
  m_GameObject: {fileID: 1906191830}
  m_Enabled: 1
  m_EditorHideFlags: 0
  m_Script: {fileID: 11500000, guid: a4d43a912ea5ac9408a3e9d407d36b53, type: 3}
  m_Name: 
  m_EditorClassIdentifier: 
  MoveXAxisName: ControllerLeftStickX
  MoveXAxisSpeed: 0.2
  MoveYAxisName: ControllerLeftStickY
  MoveYAxisSpeed: 0.2
  MoveZAxisName: ControllerTriggerAxis
  MoveZAxisSpeed: 0.2
  MoveWithGazeButtonName: ButtonA
  RotateAroundXAxisName: 
  RotateAroundXAxisSpeed: -1
  RotateAroundYAxisName: ControllerLeftStickX
  RotateAroundYAxisSpeed: -1
  RotateAroundZAxisName: 
  RotateAroundZAxisSpeed: 1
  RotateModifierButtonName: ButtonB
  MoveGazeTarget: 1
--- !u!23 &1906191833
MeshRenderer:
  m_ObjectHideFlags: 0
  m_PrefabParentObject: {fileID: 0}
  m_PrefabInternal: {fileID: 0}
  m_GameObject: {fileID: 1906191830}
  m_Enabled: 1
  m_CastShadows: 1
  m_ReceiveShadows: 1
  m_MotionVectors: 1
  m_LightProbeUsage: 1
  m_ReflectionProbeUsage: 1
  m_Materials:
  - {fileID: 0}
  m_StaticBatchInfo:
    firstSubMesh: 0
    subMeshCount: 0
  m_StaticBatchRoot: {fileID: 0}
  m_ProbeAnchor: {fileID: 0}
  m_LightProbeVolumeOverride: {fileID: 0}
  m_ScaleInLightmap: 1
  m_PreserveUVs: 0
  m_IgnoreNormalsForChartDetection: 0
  m_ImportantGI: 0
  m_SelectedEditorRenderState: 3
  m_MinimumChartSize: 4
  m_AutoUVMaxDistance: 0.5
  m_AutoUVMaxAngle: 89
  m_LightmapParameters: {fileID: 0}
  m_SortingLayerID: 0
  m_SortingLayer: 0
  m_SortingOrder: 0
--- !u!1 &1955386488
GameObject:
  m_ObjectHideFlags: 0
  m_PrefabParentObject: {fileID: 0}
  m_PrefabInternal: {fileID: 0}
  serializedVersion: 5
  m_Component:
  - component: {fileID: 1955386490}
  - component: {fileID: 1955386489}
  m_Layer: 0
  m_Name: Directional light
  m_TagString: Untagged
  m_Icon: {fileID: 0}
  m_NavMeshLayer: 0
  m_StaticEditorFlags: 0
  m_IsActive: 1
--- !u!108 &1955386489
Light:
  m_ObjectHideFlags: 0
  m_PrefabParentObject: {fileID: 0}
  m_PrefabInternal: {fileID: 0}
  m_GameObject: {fileID: 1955386488}
  m_Enabled: 1
  serializedVersion: 8
  m_Type: 1
  m_Color: {r: 1, g: 1, b: 1, a: 1}
  m_Intensity: 1
  m_Range: 10
  m_SpotAngle: 30
  m_CookieSize: 10
  m_Shadows:
    m_Type: 0
    m_Resolution: -1
    m_CustomResolution: -1
    m_Strength: 1
    m_Bias: 0.05
    m_NormalBias: 0.4
    m_NearPlane: 0.2
  m_Cookie: {fileID: 0}
  m_DrawHalo: 0
  m_Flare: {fileID: 0}
  m_RenderMode: 0
  m_CullingMask:
    serializedVersion: 2
    m_Bits: 4294967295
  m_Lightmapping: 4
  m_AreaSize: {x: 1, y: 1}
  m_BounceIntensity: 1
  m_ColorTemperature: 6570
  m_UseColorTemperature: 0
  m_ShadowRadius: 0
  m_ShadowAngle: 0
--- !u!4 &1955386490
Transform:
  m_ObjectHideFlags: 0
  m_PrefabParentObject: {fileID: 0}
  m_PrefabInternal: {fileID: 0}
  m_GameObject: {fileID: 1955386488}
  m_LocalRotation: {x: 0.40821788, y: -0.23456968, z: 0.10938163, w: 0.8754261}
  m_LocalPosition: {x: 1.6909024, y: -2.0851133, z: 2.783726}
  m_LocalScale: {x: 1, y: 1, z: 1}
  m_Children: []
  m_Father: {fileID: 0}
  m_RootOrder: 0
  m_LocalEulerAnglesHint: {x: 50, y: -30, z: 0}
--- !u!1 &2116123732 stripped
GameObject:
  m_PrefabParentObject: {fileID: 1298305415112110, guid: 3417828bf6cdb6141b0b26c80c487fb1,
    type: 2}
  m_PrefabInternal: {fileID: 538956411}
